@misc{nxp_s32k3x8evb,
  author       = {NXP Semiconductors},
  title        = {S32K3X8EVB-Q289 Evaluation Board for Automotive General Purpose},
  year         = {2025},
  url          = {https://www.nxp.com/design/design-center/development-boards-and-designs/S32K3X8EVB-Q289},
  note         = {Accessed: 2025-02-11}
}

@misc{qemu_documentation,
    title="QEMU documentation",
    url="https://www.qemu.org/docs/master/",
    author="QEMU Development Team",
    year="2023",
}

@misc{nxpS32K3,
  author       = {NXP Semiconductors},
  title        = {S32K3 Auto General-Purpose MCUs},
  year         = {2025},
  url          = {https://www.nxp.com/products/S32K3},
  note         = {Accessed: 2025-02-11}
}

@misc{freertosGitHub,
  author       = {FreeRTOS},
  title        = {FreeRTOS GitHub Repository},
  year         = {2025},
  url          = {https://github.com/freertos},
  note         = {Accessed: 2025-02-11}
}

@misc{NXP_S32DS,
  author       = {NXP Semiconductors},
  title        = {S32 Design Studio for S32 Platform},
  howpublished = {\url{https://www.nxp.com/design/design-center/software/automotive-software-and-tools/s32-design-studio-ide/s32-design-studio-for-s32-platform:S32DS-S32PLATFORM}},
  year         = {2025},
  note         = {Accessed: 2025-02-11}
}

@misc{Goehler_QEMU_Architecture,
  author       = {Fabian Goehler},
  title        = {Adding a New Architecture to QEMU (Part 01)},
  howpublished = {\url{https://fgoehler.com/blog/adding-a-new-architecture-to-qemu-01/}},
  year         = {2025},
  note         = {Accessed: 2025-02-11}
}
